<?xml version="1.0" encoding="UTF-8"?><collection xmlns="http://www.loc.gov/MARC21/slim"><record><leader>00441nam--2200157-i-4500</leader><controlfield tag="001">000042936</controlfield><controlfield tag="002">20161230</controlfield><controlfield tag="005">20170113184517</controlfield><controlfield tag="008">060222s1000------------r-----000-0-eng-d</controlfield><datafield ind1=" " ind2=" " tag="080"><subfield code="a">581.132</subfield></datafield><datafield ind1=" " ind2=" " tag="100"><subfield code="a">Stiehl, Hans Heinrich</subfield></datafield><datafield ind1=" " ind2=" " tag="245"><subfield code="a">Untersuchungen periodisch angeregter absorbtionsaderungen im reaktionssystem II der photosynthese</subfield></datafield><datafield ind1=" " ind2=" " tag="260"><subfield code="a">Berlin</subfield><subfield code="b">Univ</subfield><subfield code="c">1969</subfield></datafield><datafield ind1=" " ind2=" " tag="300"><subfield code="a">81 p</subfield></datafield><datafield ind1=" " ind2=" " tag="852"><subfield code="a">32019</subfield></datafield><datafield ind1=" " ind2=" " tag="CAT"><subfield code="a">SYS</subfield><subfield code="c">20170113</subfield><subfield code="h">184517</subfield></datafield></record></collection>